@book{Adouakou2005,
	address = {Bielefeld},
	author = {Adouakou, Sandrine.},
	publisher = {Bielefeld University},
	title = {Tons et intonation dans la langue agni indénié},
	year = {2005}
}


@article{Agoyi2012,
	author = {Agoyi, Taiwo O.},
	journal = {International Journal of Business and Social Science},
	volume = {30},
	number = {20},
	title = {Morphology of Àbèsàbèsì Numerals: A case Studi of Èkiròmì},
	year = {2012}
}


@book{Alton1987,
	address = {Paris},
	author = {Alton, Paula dʼ.},
	publisher = {Centre National de la Recherche Scientifique (CNRS)},
	title = {{Le} Palor: {{E}}squisse phonologique et grammaticale d’une langue cangin du Sénégal suivi d’un lexique et de textes transcrits et traduits},
	year = {1987}
}



@article{BakpavonRoncador2007,
	author = {Bakpa, Mimboabe and Manfred von Roncador},
	crossref ={MieheEtAl2007},
	pages = {487--506},
	title = {Moba},
	volume = {2012},
	year = {2007}
}


@book{Bao2013,
	address = {Dakar, Paris},
	author = {Bao Diop, Sokhna},
	publisher = {UCAD, INALCO},
	title = {Description du baynunk guñaamolo, langue minoritaire du Sénégal: {{A}}nalyse phonologique, morphologique et syntaxique},
	year = {2013}
}


@phdthesis{Barry1987,
	author = {Barry, Abdoulaye},
	school = {School of Oriental and African Studies, University of London},
	title = {The Joola languages: subgrouping and reconstruction},
	year = {1987}
}


@book{Bassène2006,
	address = {Lyon},
	author = {Bassène, Alain-Christian},
	publisher = {Université Lumière (Lyon 2). (Thèse de doctorat)},
	title = {Description du jóola Banjal (Sénégal)},
	year = {2006}
}


@book{BeavonBeavon1996,
	address = {Yaoundé},
	author = {Beavon, Keith H. and Mary Beavon},
	publisher = {Société Internationale de Linguistique (SIL)},
	title = {Lexique kóonzime-français},
	year = {1996}
}


@book{Belliard2005,
	address = {Paris},
	author = {Belliard, François},
	publisher = {Université Paris 7 - Denis Diderot / LLaCAN - CNRS (UMR 8135). (Thèse de doctorat)},
	title = {Instruments, chants et performances musicales chez les {Kwakum} de l’arrondissement de Doume (Est-Cameroun). {{E}}tude ethnolinguistique de la conception musicale d’une population de langue bantoue A91},
	year = {2005}
}


@book{Bendor-Samuel1989,
	address = {Lanham MD, New York \& London},
	booktitle = {The {Niger}-Congo languages: {{A}} classification and description of Africa’s largest language family},
	editor = {Bendor-Samuel, John Theodor},
	publisher = {University Press of America, by arrangement with the Summer Institute of Linguistics (SIL)},
	title = {The {Niger}-Congo languages: {{A}} classification and description of Africa’s largest language family},
	year = {1989}
}


@article{Bertho1951,
	author = {Bertho, [Révérend] [Père] J},
	journal = {Bulletin de l’IFAN (Institut Français de l’Afrique Noire)},
	pages = {872--892},
	title = {Trois îlots linguistiques du Moyen-Dahomey: {{L}}e Tshummbuli, le Banzantché et le Basila},
	volume = {13},
	year = {1951}
}



@misc{BirdTadadjeu1997,
	author = {Bird and Tadadjeu},
	title = {{Yemba} Dictionary. {{M}}s.},
	year = {1997}
}


@misc{BlanchardNoss1982,
	author = {Blanchard, Yves and Philip A. Noss},
	title = {Dictionnaire gbaya-français, dialecte yaayuwee. {{M}}eiganga (Cameroun). {{C}}entre de Traduction Gbaya.},
	year = {1982}
}


@book{Blecke1996,
	address = {Köln},
	author = {Blecke, Thomas},
	number = {1},
	publisher = {Rüdiger Köppe Verlag},
	series = {Mande languages and linguistics},
	title = {{Lexikalische} Kategorien und grammatische Strukturen im Tigemaxo (Bozo, Mande).},
	year = {1996}
}





@book{Blench2004,
	title = {The Benue-Congo Languages: A proposed internal classification (working document not a draft paper)},
	author = {Blench, Roger},
	address = {Cambridge},
	note = {Ms},
	year = {2004}
}


@misc{Blench2005,
	author = {Blench, Roger},
	title = {A dictionary of the Moro language of the Nuba hills, {Sudan}. {{C}}ambridge. {{M}}s.},
	year = {2005}
}


@misc{Blench2006,
	author = {Blench, Roger},
	title = {A Dictionary of the {Izere} language of Fobur. {{C}}ambridge. {{M}}s.},
	year = {2006}
}


@misc{Blench2007,
	author = {Blench, Roger},
	title = {Comparative Ijoid wordlist. {{M}}s.},
	year = {2007}
}


@book{Blench2008,
	address = {Cambridge},
	author = {Blench, Roger},
	note = {Ms},
	title = {The Central Delta languages: comparative word list and historical reconstructions},
	year = {2008}
}


@misc{Blench2009,
	author = {Blench, Roger},
	title = {The Nyankpa [=Yeskwa] language of {Central} Nigeria. {{C}}ambridge. {{M}}s.},
	year = {2009}
}


@misc{Blench2010a,
	author = {Blench, Roger},
	title = {The {Sambe} language of Central Nigeria and its affinities. {{C}}ambridge. {{M}}s.},
	year = {2010}
}


@misc{Blench2010b,
	author = {Blench, Roger},
	title = {The {Horom} language of Central Nigeria and its affinities. {{C}}ambridge. {{M}}s.},
	year = {2010}
}


@misc{Blench2010c,
	author = {Blench, Roger},
	title = {A Wordlist of the {Hyam} language of Nok in Central Nigeria and its affinities. {{C}}ambridge. {{M}}s.},
	year = {2010}
}


@misc{Blench2011,
	author = {Blench, Roger},
	title = {The Ayu language of {Central} Nigeria and its affinities. {{C}}ambridge. {{M}}s.},
	year = {2011}
}


@misc{Blench2012a,
	author = {Blench, Roger},
	title = {Supposing we have been completely wrong about the shape of early {Niger}-Congo roots? {{C}}ambridge. {{M}}s.},
	year = {2012}
}


@misc{Blench2012b,
	author = {Blench, Roger},
	title = {Iten-{English} dictionary. {{C}}ambridge. {{M}}s.},
	year = {2012}
}


@misc{Blench2012c,
	author = {Blench, Roger},
	title = {The Hasha [=Yashi] language of {Central} Nigeria and its affinities. {{C}}ambridge. {{M}}s.},
	year = {2012}
}



@misc{BlenchDendo2006,
	author = {Blench, Roger and Mallam Dendo},
	title = {The Tahoss dialect of the Berom language of {Central} Nigeria and its affinities. {{M}}s.},
	year = {2006}
}


@misc{BlenchEtAl2009,
	author = {Blench, Roger and Barau Kato and Zachariah Yoder},
	title = {The {Maya} [Yendang] languages. {{M}}s.},
	year = {2009}
}


@misc{BlenchKato2012,
	author = {Blench, Roger and Barau Kato},
	title = {The Təsu language of {Central} Nigeria and its affinities. {{C}}ambridge. {{M}}s.},
	year = {2012}
}


@misc{BlenchEtAl2012,
	author = {Blench, Roger and Musa Tula and Barau Kato},
	title = {A Dictionary of Yi Kitulɛ. {{C}}ambridge. {{M}}s.},
	year = {2012}
}


@misc{BloemartsdeRasilly2012,
	author = {Bloemarts, Maarten and Père de Rasilly},
	title = {Dictionnaire boore. {{{E}}}lectronic Document.},
	year = {2012}
}


@book{BastinEtAl2003,
	address = {Tervuren},
	author = {BLR3: Bastin, Yvonne and André Coupez and Kankawa Evariste Mumba and Thilo C. Schadeberg.},
	publisher = {Musée Royal de l’Afrique Centrale (MRAC)},
	title = {Reconstructions lexicales bantoues 3 = {Bantu} lexical reconstructions 3},
	year = {2003}
}


@book{Borchardt2011,
	address = {Wiesbaden},
	author = {Borchardt, Nadine.},
	publisher = {Harrassowitz Verlag},
	title = {The Numeral System of Ikaan, a Benue-{Congo} Language of Nigeria},
	year = {2011}
}


@book{BotneKisanga1994,
	address = {Köln},
	author = {Botne, Robert Dale and Kisanga Salama-Gray.},
	publisher = {Rüdiger Köppe Verlag},
	title = {A Lega and {English} dictionary, with an index to Proto-Bantu roots},
	year = {1994}
}



@article{Boyd1989,
	author = {Boyd, Raymond},
	journal = {African Languages and Cultures},
	pages = {149--173},
	title = {Number Systems in the Adamawa Branch of {Niger-Congo}},
	number ={2},
	volume = {2},
	year = {1989}
}


@article{Boyd1999,
	author = {Boyd, Raymond},
	journal = {Afrika und Übersee},
	note = {. Hal-00323718v3.},
	pages = {213--249},
	title = {A Linguistic Sketch of Tiba (Gà), Part 1. {{A}}frika und Übersee, 82: 1-17, Part 2},
	volume = {82},
	year = {1999}
}


@book{Boyd1996,
	address = {Yaoundé},
	author = {Boyd, Virginia L.},
	publisher = {Association SIL},
	title = {Petit lexique gbaya mbódòmò - français, dialecte de Gandima Tongo},
	year = {1996}
}


@book{Boyeldieu1982,
	address = {Berlin},
	author = {Boyeldieu, Pascal.},
	publisher = {Dietrich Reimer Verlag},
	title = {Deux études laal (Moyen-Chari, Tchad)},
	year = {1982}
}


@misc{Boyeldieu2017,
	author = {Boyeldieu, Pascal},
	title = {Bua numerals. {{F}}ield data. {{M}}s.},
	year = {2017}
}


@book{Brindle2017,
	address = {Berlin},
	author = {Brindle, Jonathan.},
	publisher = {Language Science Press},
	title = {A dictionary and grammatical outline of Chakali},
	year = {2017}
}


@book{BrisProst1981,
	address = {Paris},
	author = {Bris, Pierre le and [Révérend] [Père] André Prost.},
	publisher = {Société des Etudes Linguistiques et Anthropologiques de France (SELAF)},
	title = {Dictionnaire bobo-français, précédé d’une introduction grammaticale et suivi d’un lexique français-bobo},
	year = {1981}
}


@book{BrissonBoursier1979,
	address = {Douala},
	author = {Brisson, Robert and Daniel Boursier.},
	publisher = {Collège Libermann},
	title = {Petit dictionnaire baka-français},
	year = {1979}
}


@article{Brosnahan1967,
	author = {Brosnahan, L. F},
	journal = {Journal of West African languages},
	pages = {43--52},
	title = {A wordlist of the Gokana dialect of Ogoni},
	volume = {4-2},
	year = {1967}
}


@misc{Bühnen1988,
	author = {Bühnen, Stefan},
	title = {Lexique comparatif des dialectes Baɲun et de Kasanga et Cobiana. {{M}}s.},
	year = {1988}
}


@book{Buis1990,
	address = {Bissau},
	author = {Buis, Pierre.},
	publisher = {Instituto Nacional de Estudos e Pesquisa (INEP)},
	title = {Essai sur la langue manjako de la zone de Bassarel},
	year = {1990}
}


@misc{Burssens1994,
	author = {Burssens},
	title = {Yansi. {{M}}s.},
	year = {1994}
}


@book{Byarushengo1977,
	address = {Los Angeles},
	booktitle = {{Haya} grammatical structure: {{P}}honology, grammar, discourse},
	editor = {Byarushengo, Ernest Rugwa, Alessandro Duranti  and  Larry Michael Hyman},
	publisher = {Department of Linguistics, University of Southern California},
	title = {{Haya} grammatical structure: {{P}}honology, grammar, discourse},
	year = {1977}
}


@article{Calame-Griaule1956,
	author = {Calame-Griaule, Geneviève},
	crossref = {HochstetlerEtAl2004},
	pages = {62--72},
	title = {Les dialectes dogon},
	volume = {2004},
	year = {1956}
}


@article{Carlson1993,
	author = {Carlson, Robert J},
	journal = {Mandenkan},
	pages = {1--109},
	title = {A sketch of Jo: {{A}} Mande language with a feminine pronoun},
	volume = {25},
	year = {1993}
}


@book{Carlson1994,
	address = {Berlin},
	author = {Carlson, Robert J.},
	publisher = {Mouton de Gruyter},
	title = {A grammar of Supyire},
	year = {1994}
}


@book{CarltonRand1993,
	address = {Dakar},
	author = {Carlton, Elizabeth M. and Sharon R. Rand.},
	publisher = {Société Internationale de Linguistique (SIL)},
	title = {Enquête sociolinguistique sur les langues Diolas de basse {Casamance}},
	year = {1993}
}


@article{CarltonRand1994,
	author = {Carlton, Elizabeth M. and Sharon R. Rand},
	journal = {Journal of West African languages},
	pages = {85--119},
	title = {Compilation de listes de mots Swadesh modifiées recueillis parmi les langues du groupe Diola, sud du Sénégal},
	volume = {24-2},
	year = {1994}
}



@book{Cheucle2014,
	address = {Lyon},
	author = {Cheucle, Marion.},
	publisher = {Université Lumière Lyon 2. (Thèse de doctorat)},
	title = {Etude comparative des langues makaa-njem (bantu A80): {{P}}honologie, morphologie, Lexique - Vers une reconstruction du proto-A80},
	year = {2014}
}


@book{Childs2000,
	address = {Cologne},
	author = {Childs, George Tucker.},
	publisher = {Rüdiger Köppe Verlag},
	title = {A dictionary of the Kisi language, with an {English}-Kisi index},
	year = {2000}
}


@misc{Childs2012,
	author = {Childs, George Tucker},
	title = {Mani. {{K}}im. {{B}}om. {{{E}}}lectronic documents. {{R}}efLex.},
	year = {2012}
}


@book{Christaller1933,
	address = {Basel},
	author = {Christaller, Johann Gottlieb.},
	publisher = {Evangelical Missionary Society. (Second edition, revised and enlarged by J. Schweizer)},
	title = {Dictionary of the {Asante} and Fante language called Tshi (Twi)},
	year = {1933}
}


@book{Clarke1922,
	address = {New York},
	author = {Clarke, Mary Lane.},
	publisher = {Houghton},
	title = {A Limba-{English} dictionary, or: {{T}}ampen ta ka talun ta ka hulimba in huinkilisi ha},
	year = {1922}
}


@book{CLNK1999,
	address = {Kara, Lomé (Togo)},
	author = {CLNK.},
	publisher = {Comité de Langue Nationale Kabiye (CLNK) \& SIL},
	title = {Tɔm kpou kabɩyɛ-fransɩɩ - Dictionnaire kabiyè-français (avec lexique français-kabiyè et esquisse de gramaire kabiyè)},
	year = {1999}
}


@misc{Cloarec-Heiss1997,
	author = {Cloarec-Heiss, France},
	title = {Mbanza. {{{E}}}lectronic document. {{R}}efLex.},
	year = {1997}
}


@book{CNL1983,
	address = {Paris: ACCT/Abidjan},
	author = {CNL du Benin.},
	publisher = {ILA},
	title = {Listes lexicales du Bénin},
	year = {1983}
}


@misc{Cobbinah2013,
	author = {Cobbinah, Alexander Yao},
	title = {Nyun. {{{E}}}lectronic document. {{R}}efLex.},
	year = {2013}
}


@misc{Connell1991,
	author = {Connell, Bruce A},
	title = {Phonetic aspects of the Lower-Cross languages and their implications for sound change. {{{U}}}niversity of Edinburgh. ({PhD} thesis).},
	year = {1991}
}



@book{Coupez1955,
	address = {Tervuren},
	author = {Coupez, André.},
	publisher = {Musée Royal du Congo Belge (MRCB)},
	title = {Esquisse de la langue holoholo},
	year = {1955}
}


@book{Crabb1965,
	address = {London},
	author = {Crabb, David Wendell.},
	publisher = {Cambridge University Press in association with the West African Linguistic Society (WALS) and the Institute of African Studies, University of Ibadan},
	title = {Ekoid {Bantu} languages of Ogoja, eastern Nigeria. {{P}}art 1: {{I}}ntroduction, phonology and comparative vocabulary},
	year = {1965}
}


@book{CraneEtAl2011,
	address = {Berkeley},
	author = {Crane, Thera M. and Larry M. Hyman and  Simon Nsielanga Tukumu.},
	publisher = {University of California Press},
	title = {A Grammar of {Nzadi} [B865]: {{A}} Bantu Language of Democratic Republic of Congo},
	year = {2011}
}


@article{Creissels2010,
	author = {Creissels, Denis},
	journal = {Mandenkan},
	pages = {49--72},
	title = {Liste lexicale du diallonké de Faléya},
	volume = {46},
	year = {2010}
}


@article{Creissels2016,
	author = {Creissels, Denis},
	journal = {Mandenkan},
	pages = {3--174},
	title = {Phonologie segmentale et tonale du soninké (parler du Kingi)},
	volume = {55},
	year = {2016}
}


@book{CreisselsBiaye2015,
	address = {Dakar},
	author = {Creissels, Denis and Séckou Biaye.},
	publisher = {IFAN},
	title = {{Le} balant ganja: {{P}}honologie, morphosyntaxe, liste lexicale, textes},
	year = {2015}
}


@book{CreisselsChebanne2000,
	address = {Mogoditshane (Botswana) \& Gaborone},
	author = {Creissels, Denis and Andy M. Chebanne.},
	publisher = {Tasalls Publishing \& Books},
	title = {Dictionnaire français-setswana, setswana-français},
	year = {2000}
}


@book{CreisselsPozdniakov2015,
	address = {Köln},
	booktitle = {Les classes nominales dans les langues atlantiques},
	editor = {Creissels, Denis and Konstantin Pozdniakov},
	publisher = {Rüdiger Köppe Verlag},
	title = {Les classes nominales dans les langues atlantiques},
	year = {2015}
}


@book{CreisselsSambou2013,
	address = {Paris},
	author = {Creissels, Denis and Pierre Sambou.},
	publisher = {Karthala},
	title = {{Le} mandinka. {{P}}honologie, grammaire, textes. {{K}}arthala},
	year = {2013}
}

@book{Diagne2009,
	address = {Paris},
	author = {Diagne, Mbacké.},
	publisher = {INALCO.  (Thèse de doctorat)},
	title = {{Le} Bayot: {{L}}angue Atlantique Nord, groupe bak, sous groupe jóola},
	year = {2009}
}


@book{Dièye2011,
	address = {Dakar / Paris},
	author = {Dièye, El Hadji.},
	publisher = {Université Cheikh Anta Diop / INALCO.  (Thèse de doctorat)},
	title = {Description d’une langue Cangin du Sénégal: {{L}}e laalaa (léhar)},
	year = {2011}
}


@misc{Dimmendaal1978,
	author = {Dimmendaal, Gerrit Jan},
	title = {The consonants of Proto-Upper Cross and their implications for the classification of the Upper Cross languages. {{D}}epartment of {African} Languages, State University of Leiden.  ({PhD} thesis).},
	year = {1978}
}


@book{Diouf2003,
	address = {Paris},
	author = {Diouf, Jean-Léopold.},
	publisher = {Editions Karthala},
	title = {Dictionnaire wolof-français et français-wolof},
	year = {2003}
}


@book{DjillaEtAl2004,
	address = {Köln},
	author = {Djilla, Mama and Bart Eenkhoorn and Jacqueline Eenkhoorn-Pilon.},
	publisher = {Rüdiger Köppe Verlag},
	title = {Phonologie du jôwulu (“samogho”): {{L}}angue mandé du {Mali} et du Burkina Faso},
	year = {2004}
}


@article{Dombrowky-Hahn2007,
	author = {Dombrowky-Hahn, Klaudia},
	crossref ={MieheEtAl2007},
	pages = {410--423},
	title = {{Tenyer}},
	volume = {2007},
	year = {2007}
}


@article{Dombrowky-Hahn2012,
	author = {Dombrowky-Hahn, Klaudia},
	crossref ={MieheEtAl2007},
	pages = {669--710},
	title = {Syer},
	volume = {2012},
	year = {2012}
}


@book{Doneux1975,
	address = {Dakar},
	author = {Doneux, Jean Léonce.},
	publisher = {Centre de Linguistique Appliquée de Dakar (CLAD)},
	title = {Lexique manjaku},
	year = {1975}
}


@misc{DoneuxEtAl1984,
	author = {Doneux, Jean Léonce and Albano Mendes and Armando Tchoba dos Santos Pereira},
	title = {Lexique balante-français. {{M}}s.},
	year = {1984}
}


@book{Donzo2015,
	address = {Bruxelles - Gent},
	author = {Donzo Bunza, Jean-Pierre.},
	publisher = {Université Libre de Bruxelles - Faculty of Arts and Philosophy},
	title = {Langues bantoues de l’entre {Congo}-Ubangi ({RD} {Congo}): {{D}}ocumentation, reconstruction, classification et contacts avec les langues oubanguiennes},
	year = {2015}
}


@book{Dorvlo2008,
	address = {Leiden},
	author = {Dorvlo, Kofi.},
	publisher = {Leiden University. (PhD thesis)},
	title = {A Grammar of {Logba} (Ikpana)},
	year = {2008}
}


@book{Dumestre2011,
	address = {Paris},
	author = {Dumestre, Gérard.},
	publisher = {Karthala},
	title = {Dictionnaire bambara-français - suivi d'un index abrégé français-bambara},
	year = {2011}
}


@misc{Durieux;1998,
	author = {Durieux and Durieux},
	crossref = {HochstetlerEtAl2004},
	year = {1998}
}


@book{Eboué1918,
	address = {Paris},
	author = {Eboué, Félix.},
	publisher = {Larose},
	title = {Langues sango, banda, baya, mandjia. {{N}}otes grammaticales},
	year = {1918}
}


@book{Egner1989,
	address = {Abidjan},
	author = {Egner, Ingeborg.},
	publisher = {Université d’Abidjan},
	title = {Précis de grammaire wobé},
	year = {1989}
}


@thesis{Ekambi1990,
	author = {Ekambi, Aline Etondi Boumda},
	title = {Esquisse phonologique du nulibie, dialecte yambassa},
	school ={Département de Langues Africaines et Linguistique, Faculté des Lettres et Sciences Humaines, Université de Yaoundé},
	type ={Mémoire de maîtrise en linguistique},
	year = {1990}
}


@article{EliasEtAl1984,
	author = {Elias, Philip and Jacqueline [Warnier] Leroy and Jan Voorhoeve},
	journal = {Afrika und Übersee},
	pages = {31--107},
	title = {Mbam-Nkam or {Eastern} Grassfieldss},
	volume = {67-1},
	year = {1984}
}


@article{Elders2007,
	author = {Elders, Stefan},
	crossref ={MieheEtAl2007},
	pages = {292--330},
	title = {Kulango},
	volume = {2007},
	year = {2007}
}


@book{Elugbe1987,
	address = {Port Harcourt},
	author = {Elugbe, Ben Ohi[omambe.},
	publisher = {University of Port Harcourt Press},
	title = {Comparative Edoid: {{P}}honology and lexicon},
	year = {1987}
}


@book{Ernst1992,
	address = {Yaoundé},
	author = {Ernst, Urs.},
	publisher = {Summer Institute of Linguistics (SIL)},
	title = {Esquisse grammaticale du kako},
	year = {1992}
}


@book{Fabre2001,
	address = {Paris},
	author = {Fabre, Anne Gwenaëlle.},
	publisher = {Université Paris 3 - Sorbonne nouvelle.  (Thèse de doctorat)},
	title = {Étude du samba leko - parler d’Allani (Nord du Cameroun, famille Adamawa)},
	year = {2001}
}


@book{Ferry1991,
	address = {Paris},
	author = {Ferry, Marie-Paule.},
	publisher = {Société des Etudes Linguistiques et Anthropologiques de France (SELAF)},
	title = {Thesaurus tenda: {{D}}ictionnaire ethnolinguistique de langues sénégalo-guinnéennes (bassari, bedik, konyagi)},
	year = {1991}
}


@article{Fiedler2007a,
	author = {Fiedler, Ines},
	crossref ={MieheEtAl2007},
	pages = {533--565},
	title = {{Yom}},
	volume = {2012},
	year = {2007}
}


@article{Fiedler2007b,
	author = {Fiedler, Ines},
	crossref ={MieheEtAl2007},
	pages = {566--602},
	title = {Nawdm},
	volume = {2012},
	year = {2007}
}


@book{Fransen1995,
	address = {Amsterdam},
	author = {Fransen, Margo A. E.},
	publisher = {Free University of Amsterdam. (PhD thesis)},
	title = {A grammar of {Limbum}, a Grassfields Bantu language spoken in the North-West Province of Cameroon},
	year = {1995}
}


@book{Fresco1970,
	address = {Los Angeles},
	author = {Fresco, Edward M.},
	publisher = {African Studies Center \& Department of Linguistics, University of California (UCLA)},
	title = {Topics in Yoruba dialect phonology},
	year = {1970}
}


@book{Ganong1998,
	address = {Arlington},
	author = {Ganong, Tina Weller.},
	publisher = {University of Texas. (M.A. thesis)},
	title = {Features of Baga Morphology, Syntax and Narrative Discourse},
	year = {1998}
}


@book{Gardner1980,
	address = {Port Harcourt \& Jos},
	author = {Gardner, Ian.},
	publisher = {University of Port Harcourt Press; Nigerian Bible Translation Trust (NBTT)},
	title = {Abuan-{English} / {English}-Abuan dictionary},
	year = {1980}
}


@book{Gaudefroy-Demombynes1906,
	address = {Paris},
	author = {Gaudefroy-Demombynes M.},
	publisher = {E. Leroux. [Extrait du tome II des Actes du XIVe Congrès International des Orientalistes]},
	title = {Documents sur les langues de l’Oubangui-Chari},
	year = {1906}
}


@book{GavedStammers2004,
	address = {Dakar},
	author = {Gaved, Tim and Jon Stammers.},
	publisher = {SIL Sénégal},
	title = {Petit lexique mancagne-français, suivi d'un index français-mancagne},
	year = {2004}
}


@misc{Guest1997,
	author = {Guest, Elizabeth},
	title = {Heiban Grammar},
	note ={Ms.},
	url = {http://www.rogerblench.info/Language/Niger-Congo/Kordofanian/Heiban/guest_heiban-grammar1997.pdf},
	year = {1997}
}


@article{Gilliard1924,
	author = {Gilliard, L},
	journal = {Congo},
	pages = {374--378},
	title = {{La} numérotation des Ntomba, riverains du {La}c Léopold {II}},
	volume = {2},
	year = {1924}
}


@misc{Golovko2010,
	author = {Golovko, Ekaterina},
	title = {Baga Fore word list},
	note ={Ms.},
	year = {2010}
}


@book{Grauwe2009,
	address = {Tervuren},
	author = {Grauwe, Jan de.},
	publisher = {Musée Royal de l’Afrique Centrale},
	title = {Lexique yoómbe-français, avec index français-yoómbe (bantu H16c)},
	year = {2009}
}


@book{GreenEtAl2005,
	author = {Green, Eldred I. Ibibiem T. and Abe Brown and Adadonye Fombo},
	title = {A dictionary of Ibani, an Ijoid language of the {Niger} Delta},
	address={Cambridge},
	year = {2005}
}


@book{Greenberg1966,
	address = {The Hague, Paris \& Bloomington},
	author = {Greenberg, Joseph Harold.},
	publisher = {Mouton \& Co. for the Indiana University},
	edition ={2},
	title = {The languages of {Africa}},
	year = {1966}
}


@book{Grégoire1975,
	address = {Abidjan},
	author = {Grégoire, Henri Claude.},
	publisher = {Institut de Linguistique Appliquée (ILA), Université d’Abidjan},
	title = {Étude de la langue gouro (région de Zuénoula): {{L}}exique},
	year = {1975}
}


@book{Grollemund2006a,
	address = {Lyon},
	author = {Grollemund, Rebecca.},
	number = {30},
	publisher = {Université Lumière Lyon 2. (Mémoire de Master 2)},
	series = {langue bantoue du groupe B},
	title = {Les Okandé du {Gabon}, locuteurs d’une langue en danger},
	year = {2006}
}


@misc{Grollemund2006b,
	author = {Grollemund, Rebecca},
	title = {Apinji},
	note ={Ms.},
	year = {2006}
}


@misc{Guéhoun1993,
	author = {Guéhoun, N. Augustin},
	number = {\biberror{3}},
	series = {Grenoble},
	title = {Description systématique du dida de lakota (langue kru de Côte d’Ivoire)},
	publisher ={Université Stendhal},
	year = {1993}
}


@article{Halaouï1990,
	author = {Halaouï, Nazam},
	journal = {Mandenkan},
	pages = {47--68},
	title = {La morphologie du numéral en soninké},
	volume = {19},
	year = {1990}
}


@misc{Hantgan2012,
	author = {Hantgan, Abbie},
	title = {Bangime},
	url = {http://dogonlanguages.org/docs/Bangime%20Lexicon%20September%202012.pdf},
	year = {2012}
}


@phdthesis{Harley2005,
	author = {Harley, Matthew W},
	title = {A descriptive grammar of {Tuwuli}, a {Kwa} language of {Ghana}},
	school={SOAS},
	year = {2005}
}


@misc{Heath2013,
	author = {Heath, Jeffrey},
	title = {Dogon languages},
	url = {http://dogonlanguages.org/},
	year = {2013}
}


@misc{HeathEtAl2015,
	author = {Heath, Jeffrey and Laura McPherson and Kirill Prokhorov and Steven Moran},
	title = {Dogon Comparative Wordlist},
	url = {http://dogonlanguages.org/sources/heathetal2015},
	year = {2015}
}


@book{Heine1968,
	address = {Berlin},
	author = {Heine, Bernd.},
	publisher = {Dietrich Reimer Verlag},
	title = {Die {Verbreitung} und Gliederung der Togorestsprachen},
	year = {1968}
}


@book{Hérault1983,
	address = {Paris \& Abidjan},
	booktitle = {Atlas des langues kwa de Côte dʼIvoire 2},
	editor = {Hérault, Georges},
	publisher = {Agence de Coopération Culturelle et Technique (ACCT); Institut de Linguistique Appliquée (ILA), Université dʼAbidjan},
	title = {Atlas des langues kwa de Côte dʼIvoire 2},
	year = {1983}
}


@book{Henson2007,
	address = {Berkeley},
	author = {Henson, Bonnie J.},
	publisher = {University of California},
	title = {The Phonology and {Morphosyntax} of Kol},
	year = {2007}
}


@article{Hochstetler1996,
	author = {Hochstetler, Lee},
	journal = {Mandenkan},
	pages = {1--57},
	title = {Enquête linguistique sur le duungoma: {{{U}}}ne langue samogo parlée au Burkina Faso et au Mali},
	volume = {31},
	year = {1996}
}


@misc{HochstetlerEtAl2004,
	editor = {Hochstetler, J. Lee and J. A. Durieux and E. I. K. Durieux-Boon},
	title = {Sociolinguistic survey of the Dogon language area},
	publisher ={SIL International},
	url = {http://hal.archives-ouvertes.fr/hal-00323718/fr/},
	year = {2004}
}


@misc{Hyman1995,
	author = {Hyman, Larry},
	title = {Etude comparative des langues du groupe Ring - langues Grassfields de l'ouest, Cameroun},
	crossref={Paulin1995},
	year = {1995}
}


@misc{HymanJisa1979,
	author = {Hyman, Larry Michael and H. Jisa},
	title = {Word list of comparative Ring},
	note ={Ms.},
	year = {1979}
}


@book{HymanMagaji1970,
	address = {Ibadan},
	author = {Hyman, Larry Michael and Daniel J. Magaji.},
	publisher = {University of Ibadan},
	title = {Essentials of Gwari grammar},
	year = {1970}
}


@mastersthesis{Ibrahim-Arirabiyi1989,
	author = {Ibrahim-Arirabiyi, Femi},
	title = {A comparative reconstruction of Akpes lects (Akoro {North}, Ondo State)},
	school ={University of Port Harcourt},
	year = {1989}
}


@book{Innes1967,
	address = {Cambridge},
	author = {Innes, Gordon.},
	publisher = {University Press in association with the West African Languages Survey and the Institute of African Studies, University of Ibadan},
	title = {A Grebo-{English} dictionary},
	year = {1967}
}


@misc{Jisa1995,
	author = {Jisa},
	title = {Etude comparative des langues du groupe Ring - langues Grassfields de l'ouest, Cameroun},
	crossref  ={Paulin1995},
	year = {1995}
}


@misc{Joly1935,
	author = {Joly, A},
	title = {{Le} canton de Boli},
	note ={Archives de N’Djaména, cote W-52/19},
	year = {1935}
}


@book{Jones1998,
	address = {München},
	author = {Jones, Ross},
	publisher = {Lincom Europa},
	title = {The Boko/Busa language cluster},
	year = {1998}
}


@book{Jones2004,
	address = {München},
	author = {Jones, Ross},
	publisher = {Lincom Europa},
	title = {Bokobaru dictionary},
	year = {2004}
}


@article{Jungraithmayr1968,
	author = {Jungraithmayr, Herrmann},
	journal = {Afrika und Übersee},
	pages = {161--206},
	title = {/69. {{C}}lass languages of Tangale-{Waja} District (Bauchi Province, northern Nigeria)},
	volume = {52-3/4},
	year = {1968}
}


@book{Kagaya1987,
	address = {Tokyo},
	author = {Kagaya, Ryohei.},
	publisher = {Institute for the Study of Languages and Cultures of Asia and Africa (ILCAA), Tokyo University of Foreign Studies},
	title = {A classified vocabulary of the {Lungu} language},
	year = {1987}
}


@misc{Kaliai1964,
	author = {Kaliai, M. H.I},
	note = {(R. {{B}}lench ed. 2008)},
	title ={{{N}}embe-{English} Dictionary},
	year = {1964}
}


@book{Kamba-Muzenga1980,
	address = {Tervuren},
	author = {Kamba-Muzenga, Jean-Georges.},
	publisher = {Musée Royal de l’Afrique Centrale (MRAC)},
	title = {Esquisse de grammaire kete},
	year = {1980}
}


@book{Kari2000,
	address = {München},
	author = {Kari, Ethelbert E.},
	publisher = {Lincom Europa},
	title = {{Ogbronuagum} (the Bukuma language)},
	year = {2000}
}


@book{Kastenholz1996,
	address = {Köln},
	author = {Kastenholz, Raimund.},
	publisher = {Rüdiger Köppe Verlag},
	title = {{Sprachgeschichte} im West-Mande: {{M}}ethoden und Rekonstruktionen},
	year = {1996}
}


@misc{KastenholzKleinewillinghöfer2012,
	author = {Kastenholz, Raimund and Ulrich Kleinewillinghöfer},
	title = {{Nimbari} as a language name},
	url ={https://www.blogs.uni-mainz.de/fb07-adamawa/files/2012/06/Nimbari.pdf},
	year = {2012}
}


@book{Keita2008,
	address = {Paris},
	author = {Keita, Mamadou},
	publisher = {Université Paris 7},
	title = {Système morpho-phonologique de l'agni. {{C}}omplexité vocalique, complexité tonale et récupération du gabarit en agni},
	year = {2008}
}


@misc{Kéné1997,
	author = {Kéné},
	title = {Tommo {So}. {{D}}onno {So}. {{T}}oro {So}. {{M}}ombo. {{D}}ogulu Dom. {{J}}amsay. {{T}}ogo Kan. {{T}}engu Kan. {{T}}omo Kan},
	crossref={HochstetlerEtAl2004},
	year = {1997}
}


@misc{Khachaturyan2012,
	author = {Khachaturyan, Maria},
	title = {Mano dictionary},
	year = {2012},
	note ={Electronic document}
}



@book{Koelle1963,
	address = {London},
	author = {Koelle, Sigismund Wilhelm.},
	publisher = {Church Missionary House},
	title = {[1854]. {{P}}olyglotta africana, or a comparative vocabulary of nearly three hundred words and phrases in more than one hundred distinct {African} languages},
	year = {1963}
}


@book{KoniBostoen2015,
	address = {Köln},
	author = {Koni Muluwa, Joseph and Koen Bostoen.},
	publisher = {Rüdiger Köppe Verlag},
	title = {Lexique comparé des langues bantu du Kwilu (République démocratique du {Congo}) - Français – anglais – 21 langues bantu (B, C, H, K, L)},
	year = {2015}
}

@misc{Kraft1981,
	editor = {Kraft, Charles H. (ed.)},
	title = {Chadic wordlists},
	volume ={III},
	year = {1981}
}


@book{Kropp1977,
	address = {Legon \& Leiden},
	booktitle = {{West} African language data sheets 1},
	editor = {Kropp Dakubu, Mary Esther},
	publisher = {West African Linguistic Society (WALS); African Studies Centre (ASC)},
	title = {{West} African language data sheets 1},
	year = {1977}
}


@book{Kropp2012,
	title = {Towards a phonology of Proto-Kwa: onwards from Stewart’s «Potou-Akanic-Bantu».In Towards Proto-Niger-Congo: Comparison and Reconstruction},
	author = {Kropp Dakubu, Mary Esther},
	url = {http://llacan.vjf.cnrs.fr/fichiers/nigercongo/fichiers/Kropp_Dakubu-Proto-Kwa.pdf},
	publisher = {International Congress, Paris},
	year = {2012}
}



@misc{Lamp2016,
	author = {Lamp, Frederick John},
	title = {Baga Tshi-tem},
	note ={Electronic document},
	year = {2016}
}


@misc{Lespinay1992,
	author = {Lespinay, Charles de},
	title = {Dictionnaire Baynunk (guñun-gujaxer-guhaca-gubòy)},
	note ={Ms.},
	year = {1992}
}


@article{LessauKastenholz1989,
	author = {Lessau, Donald Andreas and Raimund Kastenholz},
	journal = {Afrikanistische Arbeitspapiere (AAP)},
	pages = {49--93},
	title = {An {English}-Kono comparative word list},
	volume = {20},
	year = {1989}
}


@misc{Lim1997,
	author = {Lim, François},
	address = {Paris},
	title = {Description linguistique du kare (phonologie, syntaxe)},
	publisher ={{{{U}}}niversité de la Sorbonne Nouvelle \biberror{3}},
	year = {1997}
}


@book{Lukas1937,
	address = {Hamburg},
	author = {Lukas, J.},
	publisher = {Friedrichsen, de Gruyter \& Co},
	title = {Zentralsudanische Studien},
	year = {1937}
}


@article{Mackay1964,
	author = {Mackay, Hugh D},
	journal = {Journal of West African languages},
	pages = {5--12},
	title = {A wordlist of Eloyi},
	volume = {1-1},
	year = {1964}
}


@article{MaddiesonWilliamson1975,
	author = {Maddieson, Ian and Kay [Ruth] [Margaret] Williamson},
	journal = {African languages/Langues africaines},
	pages = {124--163},
	title = {Jarawan {Bantu}},
	volume = {1},
	year = {1975}
}


@book{MagangaSchadeberg1992,
	address = {Köln},
	author = {Maganga, Clement and Thilo C. Schadeberg.},
	publisher = {Rüdiger Köppe Verlag},
	title = {Kinyamwezi: {{G}}rammar, texts, vocabulary},
	year = {1992}
}


@misc{MAMARA.2009,
	author = {MAMARA. Association pour la promotion de la langue Mamara},
	note = {Electronic Document},
	url = {http://www.malien.net/mamara/},
	year = {2009}
}


@book{Manus2003,
	address = {Paris},
	author = {Manus, Sophie.},
	publisher = {Inalco},
	title = {Morphologie et tonologie du símákòòndè (parlé par les communautés d‘origine mozambicaine de Zanzibar et de {Tanga} (Tanzanie))},
	year = {2003}
}


@book{Marchese1983,
	address = {Abidjan},
	author = {Marchese, Lynell.},
	publisher = {Institut de Linguistique Appliquée (ILA), Université d’Abidjan, ACCT},
	title = {Atlas linguistique kru: {{{E}}}ssai de typologie},
	year = {1983}
}


@book{Mbah2013,
	address = {Bamenda},
	author = {Mbah, Mathaus N. (compiled by Roger Blench).},
	publisher = {Kay Williamson Educational Foundation},
	title = {{Moghamo} - English Lexicon / English - {Moghamo} index},
	year = {2013}
}


@book{MʼBodj1983,
	address = {Nice},
	author = {MʼBodj, Chérif.},
	publisher = {Université de Nice - Faculté des Lettres et Sciences Humaines},
	title = {Recherches sur la phonologie et la morphologie de la langue saafi (le parler de Boukhou)},
	year = {1983}
}


@book{Medjo2013,
	address = {Paris},
	author = {Medjo Mvé, Pither.},
	publisher = {L'Harmattan},
	title = {Langage et identité chez les Ndambomo du {Gabon}},
	year = {2013}
}


@misc{Medjo2014,
	author = {Medjo Mvé, Pither},
	note = {Electronic document.},
	year = {2014}
}


@book{Meyer2001,
	address = {Dakar},
	author = {Meyer, [P.] G.},
	title = {Lexique badiaranke-français: parler de la région de Koundara, Guinée},
	year = {2001}
}


@article{Miehe2007a,
	author = {Miehe, Gudrun},
	crossref ={MieheEtAl2007},
	pages = {146--159},
	title = {Khɩsa (Komono)},
	volume = {2007},
	year = {2007}
}


@article{Miehe2007b,
	author = {Miehe, Gudrun},
	crossref ={MieheEtAl2007},
	pages = {269--286},
	title = {Farɩfarɩ (Gurenɛ)},
	volume = {2012},
	year = {2007}
}


@article{Miehe2007c,
	author = {Miehe, Gudrun},
	crossref ={MieheEtAl2007},
	pages = {350--386},
	title = {Mampruli},
	volume = {2012},
	year = {2007}
}


@article{MieheTham2007,
	author = {Miehe, Gudrun and Florian Tham},
	crossref ={MieheEtAl2007},
	pages = {211--237},
	title = {Lobiri},
	volume = {2007},
	year = {2007}
}


@book{Moñino1988,
	address = {Paris},
	booktitle = {Lexique comparatif des langues oubanguiennes},
	editor = {Moñino, Yves},
	publisher = {Librairie Orientaliste Paul Geuthner pour la Laboratoire de Langues et Civilisations à Tradition Orale (LACITO)/Département Languages et Parole en Afrique Central (LAPAC)},
	title = {Lexique comparatif des langues oubanguiennes},
	year = {1988}
}


@book{Moñino1995,
	address = {Paris},
	author = {Moñino, Yves.},
	publisher = {Editions Peeters pour l’Société des Etudes Linguistiques et Anthropologiques de France (SELAF) avec le concours du Centre National de la Recherche Scientifique (CNRS)},
	title = {{Le} Proto-gbaya: {{E}}ssai de linguistique comparative historique sur vingt-et-une langues d’Afrique centrale},
	year = {1995}
}


@misc{MorrisEtAl2011,
	author = {Morris, Pamela and François Sama and Jérémie Sama and  Jean-Pierre Drabo},
	title = {Matya. {{M}}aya.},
	note ={{{{E}}}lectronic Document. {{R}}efLex.},
	year = {2011}
}


@book{Motingea1996,
	address = {Leiden},
	author = {Motingea Mangulu, André.},
	publisher = {Research School of Asian, African and Amerindian Studies (CNWS), State University of Leiden},
	title = {Étude comparative des langues ngiri de l’entre Ubangi-{Zaire}},
	year = {1996}
}


@book{Montlahuc2000,
	address = {Paris},
	author = {Montlahuc, Marie-Laure.},
	publisher = {Inalco},
	title = {Eléments de description du chaga oriental},
	year = {2000}
}


@misc{MusinguziEtAl2012,
	author = {Musinguzi, Charles and Martin Diprose and Waller C. Tabb},
	title = {Electronic Document},
	url = {http://lubwisi.webonary.org/},
	year = {2012}
}


@book{Ndao2011,
	address = {Dakar / Paris},
	author = {Ndao, Dame.},
	publisher = {Université Cheikh Anta Diop / INALCO},
	title = {Phonologie, morphologie et structures syntaxiques du pepel},
	year = {2011}
}


@book{Newcomer2000,
	address = {Bryn Mawr, PA},
	author = {Newcomer, Betsy.},
	publisher = {Bryn Mawr College. (Senior thesis)},
	title = {Exploring dialect difference of Dogon speakers in {Mali}},
	year = {2000}
}


@misc{NʼGuessan1996,
	author = {NʼGuessan, Jérémie Kouadio},
	number = {\biberror{3}},
	address  = {Grenoble},
	title = {Description systematique de l’attie de Memni (langue {Kwa} de Cote d’Ivoire)},
	publisher = {{U}niversité Stendhal},
	year = {1996}
}



@book{Nougayrol1980,
	address = {Paris},
	author = {Nougayrol, Pierre.},
	publisher = {Société des Etudes Linguistiques et Anthropologiques de France (SELAF)},
	title = {{Le} day de Bouna (Tchad), 2: {{L}}exique day-français, index français-day},
	year = {1980}
}


@article{NursePhilippson1975kiswahili,
	author = {Nurse, Derek and Gérard Philippson},
	journal = {Kiswahili},
	number = {2},
	pages = {1--28},
	title = {The north-eastern {Bantu} languages of Tanzania and Kenya: {{A}} tentative classification},
	volume = {45},
	year = {1975}
}


@misc{NursePhilippson1975survey,
	author = {Nurse, Derek and Gérard Philippson},
	title = {The {Tanzanian} Language Survey},
	note ={Field work material, adapted as a searchable net-database},
	url = {http://www.cbold.ish-lyon.cnrs.fr/99},
	year = {1975}
}


@phdthesis{Ohirí-Aníche1991,
	author = {Ohirí-Aníche, Chinyere},
	title = {A comparative phonology of consonants in the Igboid, Edoid and the Yoruboid languages of {Nigeria}},
	school={University of Port Harcourt},
	year = {1991}
}


@article{Olson1996,
	author = {Olson, Kenneth S},
	journal = {Papers from the regional meeting of the Chicago Linguistic Society},
	pages = {267--283},
	title = {On the comparison and classification of Banda dialects},
	volume = {32},
	year = {1996}
}


@article{Ouzilleau1911,
	author = {Ouzilleau, François Marie Frédéric},
	journal = {Revue d'ethnographie et de sociologie},
	pages = {75--92},
	title = {Notes sur les langues des Pygmées de la {Sanga}: {{S}}uivies de vocabulaires},
	volume = {2},
	year = {1911}
}


@book{Pairault1969,
	address = {Paris},
	author = {Pairault, Claude.},
	publisher = {Librairie C Klincksieck},
	title = {Documents du parler d’Iro, kùláál du Tchad},
	year = {1969}
}


@book{Paulin1995,
	address = {Lyon},
	author = {Paulin, Pascale.},
	publisher = {Université Lumière - Lyon 2. (Mémoire de DEA)},
	title = {Etude comparative des langues du groupe Ring - langues Grassfieldss de l'ouest, Cameroun},
	year = {1995}
}


@book{Payne1992,
	address = {Dakar},
	author = {Payne, Stephen.},
	publisher = {Société Internationale de Linguistique (SIL)},
	title = {Une grammaire pratique avec phonologie et dictionnaire de kwatay (parler du village de Diémbéring, basse {Casamance}, Sénégal)},
	year = {1992}
}



@book{Pichl1967,
	address = {Pittsburgh},
	author = {Pichl, Walter J.},
	publisher = {Duquesne University Press},
	title = {A Sherbro-{English} dictionary},
	year = {1967}
}


@misc{Pichl1981,
	author = {Pichl, Walter J},
	title = {Vocabulaire laala},
	url = {http://homepage.univie.ac.at/clemens.guetl/pubmat/pichl_1981b.pdf},
	year = {1981}
}


@book{Pozdniakov1993,
	address = {Moscow},
	author = {Pozdniakov, Konstantin.},
	publisher = {Nauka},
	title = {Поздняков, Константин Игоревич.  Сравнительная грамматика атлантических языков [Sravnitel’naja grammatika atlanticheskih jazykov] (Grammaire comparéee des langues atlantiques)},
	year = {1993}
}



@misc{Pozdniakov2013,
	author = {Pozdniakov, Konstantin},
	title = {{Les classes nominales à nasales en Proto-{Bantu} dans le contexte de Niger-Congo}},
	note ={{5th International Conference on {Bantu} Languages. {{P}}aris.}},
	year = {2013}
}



@article{PozdniakovSegerer2007,
	author = {Pozdniakov, Konstantin and Guillaume Segerer},
	journal = {Linguistic Typology},
	number = {2},
	pages = {307--348},
	title = {Similar Place Avoidance: {{A}} Statistical Universal},
	volume = {11},
	year = {2007}
}

@article{Prost1958,
	author = {Prost, André},
	journal = {Bulletin de lʼInstitut Fondamental dʼAfrique Noire},
	pages = {612--623},
	title = {Quelques notes sur le don (samogho)},
	volume = {20-3/4},
	year = {1958}
}


@book{Prost1968,
	address = {Dakar},
	author = {Prost, André.},
	publisher = {Université de Dakar},
	title = {Deux langues voltaïques en voie de disparition: {{L}}e wara et le natioro},
	year = {1968}
}


@book{Raen1985,
	address = {Ngaoundéré (Cameroun)},
	author = {Raen, Konstanse.},
	publisher = {Eglise Evangélique Luthérienne du Cameroun},
	title = {Dictionnaire pere-français},
	year = {1985}
}


@article{Reinike2007a,
	author = {Reinike, Brigitte},
	crossref ={MieheEtAl2007},
	pages = {151--177},
	title = {Mbɛlimɛ},
	volume = {2012},
	year = {2007}
}


@article{Reinike2007b,
	author = {Reinike, Brigitte},
	crossref ={MieheEtAl2007},
	pages = {216--241},
	title = {Waama},
	volume = {2012},
	year = {2007}
}


@misc{RogersBryant2012,
	author = {Rogers, Kirk and Daniel Bryant},
	title = {Diksiyɔnɛr kəlʌndma – kətabu - Dictionnaire landouma - français},
	note ={{{{E}}}lectronic Document. {{R}}efLex.},
	year = {2012}
}


@article{Rongier1996,
	author = {Rongier, Jacques},
	title = {Aperçu sur le moyobe},
	journal = {{C}ahiers voltaïques/{Gur} papers},
	volume={1},
	year = {1996}
}


@misc{Rongier2003,
	author = {Rongier, Jacques},
	title = {Documents lexicaux donnés au {LL}{AC}{AN} par l’auteur},
	note ={Ms. {{R}}eflex.},
	year = {2003}
}


@book{Roulon-Doko2008,
	address = {Paris},
	author = {Roulon-Doko, Paulette.},
	publisher = {Karthala},
	title = {Dictionnaire gbaya-français},
	year = {2008}
}


@book{Rowland2003,
	address = {Paris},
	author = {Rowland Oke, Mary.},
	publisher = {L’Harmattan},
	title = {Description systematique de la langue obolo-andoni},
	year = {2003}
}


@book{Ruelland1988,
	address = {Paris},
	author = {Ruelland, Suzanne.},
	publisher = {Peters pour l’Société des Etudes Linguistiques et Anthropologiques de France (SELAF), avec le concours du Centre National de la Recherche Scientifique (CNRS)},
	title = {Dictionnaire tupuri-français-anglais (Région de Mindaore, Tchad)},
	year = {1988}
}


@book{Sachot1996,
	address = {Paris},
	author = {Sachot (Santos), Rosine.},
	publisher = {Université Paris 3. (Thèse de doctorat)},
	title = {{Le} mey: {{L}}angue ouest-atlantique de Guinée},
	year = {1996}
}


@book{Sachnine1997,
	address = {Paris},
	author = {Sachnine, Michka.},
	publisher = {Editions Karthala},
	title = {Dictionnaire usuel yoruba-français suivi dʼun index français-yoruba},
	year = {1997}
}


@book{Sambou2007,
	address = {Dakar},
	author = {Sambou, Pierre.},
	publisher = {Université Cheikh Anta Diop. (Thèse de doctorat de 3e cycle)},
	title = {Morphosyntaxe du joola karon},
	year = {2007}
}


@book{Sambou1979,
	address = {Dakar},
	author = {Sambou, Pierre-Marie.},
	publisher = {Université de Dakar. (Thèse de doctorat de 3e cycle)},
	title = {Diola kasa esuulaalur: {{P}}honologie, morphophonologie et morphologie},
	year = {1979}
}


@misc{Sapir1993,
	author = {Sapir, J. David},
	title = {[1970]. {{D}}ictionnaire Jóola Kujamutay. {{{E}}}lectronic document. },
	url = {http://etext.virginia.edu/african/Kujamaat/DIC/Joola-Dic.html},
	year = {1993}
}

@misc{Sawadogo2002,
	author = {Sawadogo, Tasséré},
	title = {Rapport d’enquête sur le natioro},
	publisher ={SIL  International},
	note ={Electronic document},
	year = {2002}
}


@book{Sebeok1971,
	address = {The Hague \& Paris},
	booktitle = {Current trends in linguistics, 7: {{L}}inguistics in sub-{Saharan} Africa},
	editor = {Sebeok, T. A.},
	publisher = {Mouton \& Co},
	title = {Current trends in linguistics, 7: {{L}}inguistics in sub-{Saharan} Africa},
	year = {1971}
}


@misc{Segerer1998,
	author = {Segerer, Guillaume},
	title = {Field data on {Sua}},
	note ={Ms.},
	year = {1998}
}


@book{Segerer2002,
	address = {Louvain, Paris},
	author = {Segerer, Guillaume.},
	publisher = {Editions Peeters},
	title = {{La} langue bijogo de Bubaque (Guinée Bissau)},
	year = {2002}
}


@misc{SegererRobert2017,
	author = {Segerer, Guillaume and Stephane Robert},
	title = {Field data on Keeraak},
	note ={Ms.},
	year = {2017}
}


@misc{Seidel2013,
	author = {Seidel, Frank},
	title = {Lexique nalu},
	note ={{{E}}lectronic Document. {{R}}efLex.},
	year = {2013}
}


@misc{Seydou2014,
	author = {Seydou, Christiane},
	title = {Dictionnaire peul-français (variété du Massina)},
	note ={{{E}}lectronic document. {{R}}efLex.},
	year = {2014}
}


@book{Schadeberg1981,
	address = {Hamburg},
	author = {Schadeberg, Thilo C.},
	publisher = {Helmut Buske Verlag},
	title = {A survey of Kordofanian, 1: {{T}}he Heiban group. 2: {{T}}he {Talodi} group},
	year = {1981}
}


@book{SchadebergElias1979,
	address = {Tervuren},
	author = {Schadeberg, Thilo C. and Philip Elias.},
	publisher = {Musée Royal de l’Afrique Centrale (MRAC)},
	title = {A description of the Orig language ({Southern} Kordofan), based on the notes of Fr. {{C}}arlo Muratori},
	year = {1979}
}


@book{Shimizu1980,
	address = {Wien},
	author = {Shimizu, Kiyoshi.},
	publisher = {Afro-Pub},
	title = {Comparative Jukunoid. (3 vols)},
	year = {1980}
}


@book{Shimizu1983,
	address = {Hamburg},
	author = {Shimizu, Kiyoshi.},
	publisher = {Helmut Buske Verlag},
	title = {The Zing dialect of Mumuye: {{A}} descriptive grammar},
	year = {1983}
}


@misc{SIL2003,
	author = {SIL Burkina},
	title = {Boo nεn sέwε san-fransi, fransi-san [Lexique san–français, français–san]},
	publisher ={{{S}}{IL} {Burkina Faso}.},
	year = {2003}
}

@article{SmeltzerSmeltzer1995,
	author = {Smeltzer, Brad and Suzan Smeltzer},
	journal = {Mandenkan},
	pages = {55--101},
	title = {Compte-rendu des enquêtes cartographique, lexicostatistique et sociolinguistique des parlers bozo},
	volume = {30},
	year = {1995}
}


@book{Smith2007,
	address = {Grand Forks},
	author = {Smith, Rebecca Dow.},
	publisher = {University of North Dakota. (M.A. thesis)},
	title = {The Noun Class system of {UT}-Ma’in, {{A}} {West} Kainji Language Of Nigeria},
	year = {2007}
}


@book{Snider1989,
	address = {Legon},
	author = {Snider, Keith L.},
	publisher = {Institute of African Studies, University of Ghana},
	title = {{North}-Guang comparative wordlist: {{C}}humburung, Krachi, Nawuri, Gichode, Gonja},
	year = {1989}
}


@book{Solomiac2014,
	address = {Köln},
	author = {Solomiac, Paul.},
	publisher = {Rüdiger Köppe Verlag},
	title = {Phonologie et morphosyntaxe du dzùùngoo de Samogohiri. {{I}}n Mande Languages and Linguistics / Langues et Linguistique Mandé 10)},
	year = {2014}
}


@book{Soubrier2013,
	address = {Lyon},
	author = {Soubrier, Aude.},
	publisher = {Université Lumière Lyon 2},
	title = {Description de l'ikposso uwi},
	year = {2013}
}


@misc{Stewart1983,
	author = {Stewart, John Massie},
	title = {Nasality in Tano-{Congo}. {{C}}olloquium on African Linguistics, Leiden.},
	year = {1983}
}


@article{Stewart2002,
	author = {Stewart, John Massie},
	journal = {Journal of African languages and linguistics},
	pages = {197--224},
	title = {The potential of Proto-Potou-Akanic-{Bantu} as a pilot for Proto-Niger-Congo, and the reconstructions updated},
	volume = {23-2},
	year = {2002}
}


@incollection{Sumbatova2012,
	address = {St. Petersburg},
	author = {Sumbatova, Nina},
	booktitle = {Mezhdu {Niger}om i Kongo: {{Z}}ametki na pol’akh. {{K}} 60-letiju Konstantina Pozdniakova (Между Нигером и Конго: Заметки на полях. К 60-летию Константина Позднякова) [Between the {Niger} and the Congo: {{F}}ield notes. {{T}}o the 60th anniversary of Konstantin Pozdniakov],},
	editor = {Valentin Vydrin \& Alexander Zheltov},
	pages = {170–230},
	publisher = {Nestor-Istoria},
	title = {Jazyk landuma. {{T}}eksty, slovar’ (Язык ландума. Тексты, словарь) [The Landuma language. {{T}}exts, dictionary]},
	year = {2012}
}


@book{Sweetman1981,
	address = {Yaoundé},
	author = {Sweetman, Gary.},
	publisher = {Société Internationale de Linguistique (SIL)},
	title = {Lexique français - fali - fulfulde},
	year = {1981}
}


@misc{Taylor1955,
	author = {Taylor, Charles V},
	title = {Runyankore/Rukiga-{English} dictionary. {{E}}lectronic document. {{R}}efLex.},
	year = {1955}
}


@book{Taylor1921,
	address = {Oxford},
	author = {Taylor, Frank William.},
	publisher = {Clarendon Press},
	title = {A first grammar of the Adamawa dialect of the Fulani language (Fulfulde)},
	year = {1921}
}


@book{Thomas1916a,
	address = {London},
	author = {Thomas, Northcote Whitridge.},
	publisher = {Harrison \& Sons},
	title = {Anthropological report on {Sierra Leone}. {{P}}art 2: {{T}}imne-English dictionary},
	year = {1916}
}


@book{Thomas1916b,
	address = {London},
	author = {Thomas, Northcote Whitridge.},
	publisher = {Harrison \& Sons},
	title = {Specimens of languages of {Sierra Leone}},
	year = {1916}
}


@book{Tingbo1971,
	address = {Kinshasa},
	author = {Tingbo, Th.},
	publisher = {Université Lovanium. (Mémoire de licence)},
	title = {Étude grammaticale de la langue mbanja},
	year = {1971}
}


@book{TourneuxYaya1998,
	address = {Paris},
	author = {Tourneux, Henry and Daïrou Yaya.},
	publisher = {Editions Karthala},
	title = {Dictionnaire peul de l’agriculture et de la nature (Cameroun)},
	year = {1998}
}


@book{Trifkovic1969,
	address = {Dakar},
	author = {Trifkovic, Mirjana.},
	publisher = {Institut Fondamental de l’Afrique Noire (IFAN)},
	title = {{Le} mancagne: étude phonologique et morphologique},
	year = {1969}
}


@misc{UruaEtAl2004,
	author = {Urua, Eno-Abasi and Moses Ekpenyong and Dafydd Gibbon},
	title = {Uyo Ibibio Dictionary. {{A}}{BU}{IL}D Language Documentation Curriculum Materials 1.},
	year = {2004}
}


@book{Vanderelst2016,
	address = {Köln},
	author = {Vanderelst, John.},
	publisher = {Rüdiger Köppe Verlag},
	title = {A Grammar of Dagik: {{A}} Kordofanian Language of {Sudan}},
	year = {2016}
}


@misc{Van2011,
	author = {Van der Veen, Lolke},
	title = {Projet {AL}{GA}B (Atlas Linguistique du {Gabon}). {{E}}lectronic Document. {{R}}efLex.},
	year = {2011}
}


@misc{Vanhoudt1994,
	author = {Vanhoudt, Bettie},
	title = {L’expression de “un” dans la numération référentielle en protobantou. {{A}}fricana linguistica {XI}, Tervuren.},
	year = {1994}
}


@book{Vansina1959,
	address = {Tervuren},
	author = {Vansina, Jan.},
	publisher = {Musée Royal du Congo Belge},
	title = {Esquisse de grammaire bushong},
	year = {1959}
}


@misc{Vogler2015,
	author = {Vogler, Pierre},
	title = {{Le} sèmè / siamou n’est pas kru. <hal-01182225>.},
	year = {2015}
}


@incollection{Vydrin2006,
	address = {(Acta Linguistica Petropolitana. Trudy Instituta lingvisticheskikh issledovanij RAN (ACTA LINGUISTICA PETROPOLITANA. Труды Института лингвистических исследований РАН) [Acta Linguistica Petropolitana. Transaction of the Instiute for linguistic studies] II (2)). St. Petersburg},
	author = {Vydrin, Valentin},
	booktitle = {Mandeica Petropolitana,},
	editor = {Nikolaj Kazanskiy},
	url = {https://alp.iling.spb.ru/static/alp_II_2.pdf},
	pages = {3–246},
	publisher = {Nauka},
	title = {K rekonstrukcii fonologicheskogo tipa i imennoj morfologii pra-mande (К реконструкции фонологического типа и именной морфологии пра-манде) [Toward reconstruction of the phonological type and nominal morphology of Proto-Mande]},
	year = {2006}
}


@book{Vydrin2008,
	address = {St Petersbourg},
	author = {Vydrin, Valentin.},
	publisher = {Nestor-Istoria},
	title = {Dictionnaire Dan-Français (dan de lʼEst)},
	year = {2008}
}


@article{Vydrine2009,
	author = {Vydrine, Valentin},
	journal = {Mandenkan},
	pages = {29--104},
	title = {Esquisse de la langue lélé (groupe mokolé)},
	volume = {45},
	year = {2009}
}

@article{Weiss1939,
	author = {Weiss, [P.] Henri},
	journal = {Bulletin de l’IFAN (Institut Français de l’Afrique Noire)},
	number = {2/3},
	pages = {412--578},
	title = {Grammaire et lexique diola du Fogny ({Casamance})},
	volume = {1},
	year = {1939}
}


@book{Welmers1976,
	address = {Berkeley},
	author = {Welmers, William.},
	publisher = {University of California Press},
	title = {A Grammar of {Vai}},
	year = {1976}
}


@book{Westermann1921,
	address = {Hamburg},
	author = {Westermann, Diedrich.},
	publisher = {Friederichsen, De Gruyter \& Co},
	title = {Die {Gola}-Sprache in Liberia: {{G}}rammatik, Texte und Wörterbuch},
	year = {1921}
}


@book{Westermann1927,
	address = {Berlin},
	author = {Westermann, Diedrich.},
	publisher = {Walter de Gruyter \& Co},
	title = {Die westlichen Sudansprachen und ihre Beziehungen zum {Bantu}},
	year = {1927}
}


@book{WestermannMelzian1930,
	address = {Berlin},
	author = {Westermann, Diedrich and Hans J. Melzian.},
	publisher = {Verlag von Dietrich Reimer},
	title = {The Kpelle language in {Liberia}: {{G}}rammatical outline, coloquial sentences and vocabulary},
	year = {1930}
}


@book{WilliamsWilliams1993,
	address = {Dakar},
	author = {Williams, Gordon and Sara Williams.},
	publisher = {Société Internationale de Linguistique (SIL)},
	title = {Enquête sociolinguistique sur les langues Cangin de la région de Thiès au Sénégal},
	year = {1993}
}


@article{Wilson1961,
	author = {Wilson, William André Auquier},
	journal = {Africa: journal of the International African Institute},
	number = {4},
	pages = {372--377},
	title = {Numeration in the languages of Guiné},
	volume = {31},
	year = {1961}
}


@article{Wilson1993,
	author = {Wilson, William André Auquier},
	journal = {Journal of West African languages},
	number = {23},
	pages = {59--90},
	title = {An outline description of {Biafada}},
	volume = {2},
	year = {1993}
}


@book{Wilson2007,
	address = {Frankfurt},
	author = {Wilson, William André Auquier.},
	publisher = {Peter Lang},
	title = {{Guinea} Languages of the Atlantic Group},
	year = {2007}
}


@article{Winkelmann2007a,
	author = {Winkelmann, Kerstin},
	crossref ={MieheEtAl2007},
	pages = {130--145},
	title = {Dɔgɔsɛ},
	volume = {2007},
	year = {2007}
}


@article{Winkelmann2007b,
	author = {Winkelmann, Kerstin},
	crossref ={MieheEtAl2007},
	pages = {181--193},
	title = {{Khe}},
	volume = {2007},
	year = {2007}
}


@article{Winkelmann2007c,
	author = {Winkelmann, Kerstin},
	crossref ={MieheEtAl2007},
	pages = {194--208},
	title = {Dɔgɔsʊ},
	volume = {2007},
	year = {2007}
}


@article{Winkelmann2007d,
	author = {Winkelmann, Kerstin},
	crossref ={MieheEtAl2007},
	pages = {494--511},
	title = {{Viemo}},
	volume = {2007},
	year = {2007}
}


@article{Winkelmann2007,
	author = {Winkelmann, Kerstin},
	crossref ={MieheEtAl2007},
	pages = {566--604},
	title = {Win ({South} Tusian)},
	volume = {2007},
	year = {2007e}
}


@article{Winkelmann2007,
	author = {Winkelmann, Kerstin},
	crossref ={MieheEtAl2007},
	pages = {407--424},
	title = {Akasele},
	volume = {2012},
	year = {2007f}
}


@book{Wintz1909,
	address = {Elinkine (Sénégal)},
	booktitle = {[reprint 1968]). {{D}}ictionnaire français-dyola et dyola-français, précédé dʼun essai de grammaire},
	editor = {Wintz, [R. P.]},
	publisher = {Mission catholique},
	title = {[reprint 1968]). {{D}}ictionnaire français-dyola et dyola-français, précédé dʼun essai de grammaire},
	year = {1909}
}


@book{Wolff1969,
	address = {Evanston},
	author = {Wolff, Hans.},
	publisher = {Northwestern University Press},
	title = {A comparative vocabulary of Abuan dialects},
	year = {1969}
}


@book{Wolf1971,
	address = {The Hague \& Paris},
	author = {Wolf, Paul Polydoor de.},
	publisher = {Mouton Publishers. (Dissertation)},
	title = {The noun class system of proto-Benue-{Congo}},
	year = {1971}
}


@book{Wolf1994,
	address = {Berlin},
	author = {Wolf, Paul Polydoor de.},
	publisher = {Dietrich Reimer Verlag},
	title = {{English}-Fula dictionary: {{A}} multilingual approach (Fulfulde, Pulaar, Fulani)},
	year = {1994}
}



@misc{Anonymous-Esimbi1822,
	author = {Anonymous-Esimbi},
	title = {{Esimbi}-English wordlist, English-{Esimbi} wordlist.},
	year = {1822}
}


@misc{Anonymous-Tocco1822,
	author = {Anonymous-Tocco},
	title = {Tocco wordlist. {{M}}s. (processed by Roger Blench).  },
	url = {http://www.rogerblench.info/Language/Niger-Congo/Kordofanian/Tocco/Tocco%20wordlist.pdf},
	year = {1822}
}


@incollection{dAvezac1845,
	address = {Paris},
	author = {d'Avezac, Armand},
	booktitle = {Mémoires de la Société Ethnologique, Volume 2.},
	editor = {Xx Yy},
	pages = {1--196},
	publisher = {Librairie Orientale de Mme Ve Dondey-Dupré},
	title = {Notice sur le pays et le peuple des Yébous en Afrique},
	year = {1845}
}
@book{Shimizu1968,
	address = {Ibadan},
	booktitle = {Benue-{Congo}: {{C}}omparative wordlist, I},
	editor = {Shimizu, Kiyoshi and Kay Ruth Margaret  Williamson},
	publisher = {West African Linguistic Society (WALS), University of IbadanBCCW},
	title = {Benue-{Congo}: {{C}}omparative wordlist, I},
	year = {1968}
}


@book{Williamson1973,
	address = {Ibadan},
	booktitle = {Benue-{Congo}: {{C}}omparative wordlist, {II}},
	editor = {Williamson, Kay [Ruth] [Margaret]},
	publisher = {West African Linguistic Society (WALS), University of Ibadan},
	title = {Benue-{Congo}: {{C}}omparative wordlist, {II}},
	year = {1973}
}


@misc{Blenchnda,
	author = {Blench, Roger},
	title = {Lumun wordlist. {{C}}ambridge. {{M}}s.},
	year = {n.d.}
}




@misc{Blenchndb,
	author = {Blench, Roger},
	title = {Dictionary of the Momi language. {{C}}ambridge. {{M}}s.},
	year = {n.d}
}




@misc{Blenchndc,
	author = {Blench, Roger},
	title = {Fam wordlist and etymological commentary. {{C}}ambridge. {{M}}s.},
	year = {n.d}
}




@book{Blenchndd,
	address = {Niger-Congo},
	author = {Blench, Roger.},
	publisher = {an alternative view. Ms},
	title = {\biberror{no title}},
	year = {n.d.}
}



@incollection{Bôle-Richard1983,
	address = {Paris \& Abidjan},
	author = {Bôle-Richard, Rémy},
	booktitle = {Atlas des langues kwa de Côte dʼIvoire 1.},
	editor = {Hérault, G.},
	pages = {359--401},
	publisher = {Agence de Coopération Culturelle et Technique (ACCT), Institut de Linguistique Appliquée (ILA), Université d’Abidjan},
	title = {L’éga},
	year = {1983}
}




@article{Bouquiaux1962,
	author = {Bouquiaux, Luc},
	journal = {Africana linguistica Tervuren},
	pages = {7--10},
	title = {A propos de numération: {{L}}’emploi du système décimal et du système duodécimal dans la langue birom (Nigéria septentrional)},
	volume = {1},
	year = {1962}
}



@article{Carrington1977,
	author = {Carrington, John F},
	journal = {In Africana linguistica Tervuren},
	pages = {65--88},
	title = {Esquisse morphologique de la langue likile (Haut-Zaïre)},
	volume = {7},
	year = {1977}
}


@misc{CEFL,
	author = {CEFL},
	title = {Bassa-{English} Dictionary},
	url = {https://cefliberia.org/bassa/bassa-dictionary/},
	year = {n.d.}
}


@misc{Eugene1822,
	author = {Eugene S. L. Chan},
	title = {Numeral Systems of the World’s Languages. {{H}}ttps://mpi-lingweb. {{S}}hh. {{M}}pg. {{D}}e/numeral/},
	url = {http:},
	year = {1822}
}




@incollection{Connell1998,
	address = {Trenton NJ \& Asmara},
	author = {Connell, Bruce A},
	booktitle = {Language history and linguistic description in {Africa}.},
	editor = {Maddieson, I. and  T. J. Hinnebusch},
	pages = {17--25},
	publisher = {Africa World Press},
	title = {Classifying Cross River},
	year = {1998}
}








@book{Crétois1973,
	address = {Dakar},
	author = {Crétois, Léonce.},
	publisher = {Centre de Linguistique Appliquée de Dakar (CLAD)},
	title = {A-1977. {{D}}ictionnaire sereer-français},
	year = {1973},
	note ={Vol. 1 1973: A-C; Vol. 2 1973: D-G; Vol. 3 1974: H-L; Vol. 4 1975: M-N; Vol. 5 1976: Ny-S; Vol. 6 1977: T-Y.}
}








@article{Dalby1966,
	author = {Dalby, David},
	journal = {Journal of West African languages},
	number = {2},
	pages = {5--26},
	title = {Lexical analysis in Temne with an illustrative word list},
	volume = {III},
	year = {1966}
}

@book{Dettweiler1993,
	address = {Ilorin},
	author = {Dettweiler, S. H. and S. G. Dettweiler.},
	note = {Ms.},
	title = {[electronic version dated 2003]. {{S}}ociolinguistic Survey of the Duka (Hun-Saare) people},
	year = {1993},
	url={http://www.sil.org/silesr/2003/silesr2003-014.pdf}
}

@misc{Ferry1822,
	author = {Ferry, Marie-Paule},
	title = {Lexique baga Mboteni. {{M}}s.},
	year = {1822}
}




@incollection{Kleinewillinghöfer2007,
	address = {Bbb},
	author = {Kleinewillinghöfer, Ulrich},
	booktitle = {Aaa.},
	editor = {Miehe; Reinike; Winkelmann},
	pages = {541--560},
	publisher = {Ccc},
	title = {{Pal}ɛn},
	year = {2007}
}




@incollection{Konoshenko2017,
	address = {St. Petersburg},
	author = {Konoshenko, Maria},
	booktitle = {Jazyki mira: {{J}}azyki mande (Языки мира: Языки манде) [Languages of the world: {{M}}ande languages].},
	editor = {Valentin Vydrin and Yulia Mazurova and Andrej Kibrik and Elena Markus},
	pages = {284–343},
	publisher = {Nestor-Historia},
	title = {Kpelle jazyk (Кпелле язык) [Kpelle]},
	year = {2017}
}
















@incollection{Kushnir2017,
	address = {St. Petersburg},
	author = {Kushnir, Elizaveta},
	booktitle = {Jazyki mira: {{J}}azyki mande (Языки мира: Языки манде) [Languages of the world: {{M}}ande languages].},
	editor = {Valentin Vydrina and Yulia Mazurova and Andrej Kibrik and Elena Markus},
	pages = {877–901},
	publisher = {Nestor-Historia},
	title = {Jaure jazyk (Яурэ язык) [{Yaur}é]},
	year = {2017}
}
















@incollection{Kuznetsova2017,
	address = {St. Petersburg},
	author = {Kuznetsova, Natalia; Olga Kuznetsova},
	booktitle = {Jazyki mira: {{J}}azyki mande (Языки мира: Языки манде) [Languages of the world: {{M}}ande languages].},
	editor = {Valentin Vydrin; Yulia Mazurova; Andrej Kibrik; Elena Markus},
	pages = {765–877},
	publisher = {Nestor-Historia},
	title = {Guro jazyk (Гуро язык) [Guro]},
	year = {2017}
}

@book{Miehe2007,
	address = {Köln},
	booktitle = {Vol. {{I}}. {{N}}oun Class Systems in {Gur} Languages. {{S}}outhwestern {Gur} Languages (without {Gur}unsi)},
	editor = {Miehe, Gudrun; Brigitte Reineke; Kerstin Winkelmann},
	publisher = {Rüdiger Köppe},
	title = {Vol. {{I}}. {{N}}oun Class Systems in {Gur} Languages. {{S}}outhwestern {Gur} Languages (without {Gur}unsi)},
	year = {2007}
}




@book{Miehe2012,
	address = {Köln},
	booktitle = {Vol. {{I}}I. {{N}}oun Class Systems in {Gur} Languages. {{N}}orth Central {Gur} languages},
	editor = {Miehe, Gudrun; Kerstin Winkelmann},
	publisher = {Rüdiger Köppe},
	title = {Vol. {{I}}I. {{N}}oun Class Systems in {Gur} Languages. {{N}}orth Central {Gur} languages},
	year = {2012}
}

@incollection{Naden1989,
	address = {Lanham MD, New York \& London},
	author = {Naden, Anthony Joshua},
	booktitle = {The {Niger}-Congo languages: {{A}} classification and description of Africa’s largest language family.},
	editor = {Bendor-Samuel, J. T.},
	pages = {140--168},
	publisher = {University Press of America},
	title = {{Gur}},
	year = {1989},
	note ={by arrangement with the Summer Institute of Linguistics (SIL)}
}





@incollection{Nikitina2017,
	address = {St. Petersburg},
	author = {Nikitina, Tatiana},
	booktitle = { Jazyki mira: {{J}}azyki mande (Языки мира: Языки манде) [Languages of the world: {{M}}ande languages].},
	editor = {Valentin Vydrin; Yulia Mazurova; Andrej Kibrik; Elena Markus},
	pages = {1032–1050},
	publisher = {Nestor-Historia},
	title = {Wan jazyk (Уан язык) [Wan]},
	year = {2017}
}




@incollection{Paperno2017,
	address = {St. Petersburg},
	author = {Paperno, Denis; Anna Maloletnyaya},
	booktitle = {Jazyki mira: {{J}}azyki mande (Языки мира: Языки манде) [Languages of the world: {{M}}ande languages].},
	editor = {Valentin Vydrin; Yulia Mazurova; Andrej Kibrik; Elena Markus},
	pages = {1000–1032},
	publisher = {Nestor-Historia},
	title = {Ben jazyk (Бен язык) [Beng]},
	year = {2017}
}




@incollection{Perekhvalskaja2012,
	address = {Санкт-Петербург},
	author = {Perekhvalskaja},
	booktitle = {Между Нигером и Конго: заметки на полях: к 60-летию Константина Игоревича Позднякова.},
	editor = {В. Ф. Выдрин, А.Ю.Желтов},
	pages = {161--169},
	publisher = {Нестор-История},
	title = {Е.В.Перехвальская. 2012. Числительные в южных манде},
	year = {2012}
}




@incollection{В.Ф.Выдрин2015,
	address = {St. Petersburg},
	author = {В.Ф.Выдрин, Е.В.Перехвальская},
	booktitle = { Afrikanskij sbornik - 2015 (Африканский сборник - 2015) [{African} Collection - 2015].},
	editor = {Alexander Zheltov},
	pages = {356--377},
	publisher = {Muzej antropologii i etnografii RAN (Kunstkamera)},
	title = {Системы счисления в языках манде},
	year = {2015}
}

@incollection{Mishchenko2017,
	address = {St. Petersburg},
	author = {Mishchenko, Daria},
	booktitle = {Jazyki mira: {{J}}azyki mande (Языки мира: Языки манде) [Languages of the world: {{M}}ande languages].},
	editor = {Valentin Vydrin; Yulia Mazurova; Andrej Kibrik; Elena Markus},
	pages = {343–414},
	publisher = {Nestor-Historia},
	title = {Looma jazyk (Лоома язык) [Looma]},
	year = {2017}
}




@incollection{Perekhvalskaya2017,
	address = {St. Petersburg},
	author = {Perekhvalskaya, Elena},
	booktitle = {Jazyki mira: {{J}}azyki mande (Языки мира: Языки манде) [Languages of the world: {{M}}ande languages].},
	editor = {Valentin Vydrin; Yulia Mazurova; Andrej Kibrik; Elena Markus},
	pages = {718–765},
	publisher = {Nestor-Historia},
	title = {Mwan jazyk (Муан язык) [Mwan]},
	year = {2017}
}



@incollection{Pozdniakov2015,
	address = {Köln},
	author = {Pozdniakov, Konstantin},
	booktitle = {Les classes nominales dans les langues atlantiques.},
	editor = {Creissels, Denis; Konstantin Pozdniakov},
	pages = {54--102},
	publisher = {Rüdiger Köppe Verlag},
	title = {Diachronie des classes nominales atlantiques: {{M}}orphophonologie, morphologie, sémantique},
	year = {2015}
}




@incollection{PozdniakovRobert2015,
	address = {Köln},
	author = {Pozdniakov, Konstantin and Stéphane Robert},
	booktitle = {Les classes nominales dans les langues atlantiques.},
	editor = {Creissels; Pozdniakov},
	pages = {545–628},
	publisher = {Rüdiger Köppe Verlag},
	title = {Les classes nominales en wolof: {{F}}onctionnalités et singularités d’un système restreint},
	year = {2015}
}




@incollection{Pozdniakov2822,
	address = {Oxford},
	author = {Pozdniakov, Konstantin; Guillaume Segerer},
	booktitle = {{Oxford} guide to the world’s languages: {{A}}tlantic.},
	editor = {Friederike Lüpke},
	pages = {1--2},
	publisher = {Oxford University Press},
	title = {Genealogical classification of {Atlantic} languages},
	year = {2822}
}

@article{Pozdniakov2003,
	author = {Pozdniakov, Konstantin},
	journal = {XCVIII},
	number = {1},
	pages = {3--52},
	title = {Micromorphologie ou morphologie de paradigme? {{I}}n Bulletin de la Société de linguistique de {Paris}, vol},
	volume = {98},
	year = {2003}
}


@article{Rendinger1949,
	author = {Rendinger de},
	journal = {Journal de la Société des Africanistes XIX},
	number = {2},
	pages = {143--194},
	title = {Contribution à l’étude des langues nègres du Centre Africain},
	volume = {19},
	year = {1949}
}




@incollection{Sapir1971,
	address = {The Hague \& Paris},
	author = {Sapir, J. David},
	booktitle = {Current trends in linguistics, 7: {{L}}inguistics in sub-{Saharan} Africa.},
	editor = {Sebeok, T. A.},
	pages = {45--112},
	publisher = {Mouton \& Co},
	title = {{West} Atlantic: {{A}}n inventory of the languages, their noun class systems and consonant alternation},
	year = {1971}
}
@book{Slager1822,
	address = {Aaa},
	author = {Slager, Don; Seokin Payne; Robert Glaygbo; Tim Meece; William Boen},
	note = {//cefliberia.org/?q=bassa.htm},
	publisher = {Bbb. http:},
	title = {Bassa. {{{E}}}lectronic Document},
	year = {1822}
}


@incollection{Vydrin2016,
	address = {Aaa},
	author = {Vydrin, Valentin},
	booktitle = {Comparatisme et reconstruction: {{T}}endances actuelles. {{F}}aits de langues 48.},
	editor = {Pozdniakov, Konstantin},
	pages = {109--123},
	publisher = {Peter Lang},
	title = {Toward a Proto-Mande reconstruction and an etymological dictionary},
	year = {2016}
}




@incollection{Vydrin2017,
	address = {St. Petersburg},
	author = {Vydrin, Valentin},
	booktitle = {Jazyki mira: {{J}}azyki mande (Языки мира: Языки манде) [Languages of the world: {{M}}ande languages].},
	editor = {Valentin Vydrine; Yulia Mazurova; Anderj Kibrik; Elena Markus},
	pages = {469–583},
	publisher = {Nestor-Historia},
	title = {Dan jazyk (Дан язык) [Dan]},
	year = {2017}
}




@misc{Vydrin1822,
	author = {Vydrin, Valentin},
	title = {Mande Etymological Dictionary. {{M}}s.},
	year = {1822}
}




@incollection{Vydrin2015,
	address = {St. Petersburg},
	author = {Vydrin, Valentin; Elena Perekhvalskaya},
	booktitle = {Afrikanskij sbornik - 2015 (Африканский сборник - 2015) [{African} Collection – 2015].},
	editor = {Alexander Zheltov},
	pages = {356–377},
	publisher = {Muzej antropologii i etnografii RAN (Kunstkamera)},
	title = {Sistemy schislenija v jazykakh mande (Системы счисления в языках манде) [Counting systems in Mande languages]},
	year = {2015}
}

@book{Segerer1822,
	address = {RefLex},
	author = {Segerer, Guillaume; S. Flavier.},
	note = {//reflex.cnrs.fr/database/},
	publisher = {Reference Lexicon of the languages of Africa. Version 1.0. Paris, Lyon. http:},
	title = {\biberror{no title}},
	year = {1822}
}






@incollection{Vydrin2007,
	address = {Moscow},
	author = {Vydrin, Valentin},
	booktitle = {Aspekty komparativistiki-2. {{O}}rientalia et classica {XI}: {{T}}rudy Instituta vostochnykh kul’tur i antichnosti.},
	editor = {Aa Bb},
	pages = {409--498},
	publisher = {Izdatel’stvo Rossijskogo Gosudarstvennogo Gumanitarnogo Universiteta},
	title = {{South} Mande reconstruction: {{I}}nitial consonants},
	year = {2007}
}





@incollection{Vydrina2017,
	address = {St. Petersburg},
	author = {Vydrina, Alexandra},
	booktitle = { Jazyki mira: {{J}}azyki mande (Языки мира: Языки манде) [Languages of the world: {{M}}ande languages].},
	editor = {Valentin Vydrin; Yulia Mazurova; Andrej Kibrik; Elena Markus},
	pages = {172–212},
	publisher = {Nestor-Historia},
	title = {Kakabe jazyk (Какабе язык) [Kakabe]},
	year = {2017}
}




@incollection{Watters1989,
	address = {Lanham MD, New York \& London},
	author = {Watters, John Robert},
	booktitle = {The {Niger}-Congo languages: {{A}} classification and description of Africa’s largest language family.},
	editor = {Bendor-Samuel, J. T.},
	pages = {401--420},
	publisher = {University Press of America},
	title = {Bantoid overview},
	year = {1989},
	note ={by arrangement with the Summer Institute of Linguistics (SIL)}
}
 





@incollection{Watters1989,
	address = {Lanham MD, New York \& London},
	author = {Watters, John Robert; Jacqueline [Warnier] Leroy},
	booktitle = {The {Niger}-Congo languages: {{A}} classification and description of Africa’s largest language family.},
	editor = {Bendor-Samuel, J. T.},
	pages = {431--449},
	publisher = {University Press of America},
	title = {{Southern} Bantoid},
	year = {1989},
	note ={by arrangement with the Summer Institute of Linguistics (SIL)}
}
 

@incollection{Williamson1988,
	address = {Hamburg},
	author = {Williamson, Kay [Ruth] [Margaret]},
	booktitle = {The prehistory of the {Niger} Delta.},
	editor = {Alagoa, E. J.; F. N. Anozie; N. Nzewunwa},
	pages = {65--119},
	publisher = {Helmut Buske Verlag},
	title = {Linguistic evidence for the prehistory of the {Niger} Delta},
	year = {1988}
}




@incollection{Williamson1989a,
	address = {Lanham MD, New York \& London},
	author = {Williamson, Kay [Ruth] [Margaret]},
	booktitle = {The {Niger}-Congo languages: {{A}} classification and description of Africa’s largest language family.},
	editor = {Bendor-Samuel, J. T.},
	pages = {3--45},
	publisher = {University Press of America},
	title = {{Niger}-Congo overview},
	year = {1989},
	note ={by arrangement with the Summer Institute of Linguistics (SIL)}
}


@incollection{Williamson1989b,
	address = {Lanham MD, New York \& London},
	author = {Williamson, Kay [Ruth] [Margaret]},
	booktitle = {The {Niger}-Congo languages: {{A}} classification and description of Africa’s largest language family.},
	editor = {Bendor-Samuel, J. T.},
	pages = {247--274},
	publisher = {University Press of America},
	title = {Benue-{Congo} overview},
	year = {1989},
	note ={by arrangement with the Summer Institute of Linguistics (SIL)}
}





@incollection{Williamson1992,
	address = {Wien},
	author = {Williamson, Kay [Ruth] [Margaret]},
	booktitle = {Komparative Afrikanistik: {{S}}prach-, geschicht- und literaturwissenschaftliche Aufsätze zu Ehren von {Hans} G. {{M}}ukarovsky anlasslich seines 70. {{G}}eburtstages.},
	editor = {Ebermann, E. and E. R. Sommerauer and K. E. Thomanek},
	pages = {1--2},
	publisher = {Afro-Pub},
	title = {Some {Bantu} roots in a wider context},
	year = {1992}
}




@incollection{Zerbian2008,
	address = {Aaa},
	author = {Zerbian, Sabine; Manfred Krifka},
	booktitle = {Quantification: {{A}} cross-linguistic perspective. {{N}}orth {Holland} Linguistic Series: {{L}}inguistic Variations Volume 64.},
	editor = {Lisa Matthewson},
	pages = {383--414},
	publisher = {Emerald},
	title = {Quantification acoss {Bantu} Languages},
	year = {2008}
}




@incollection{Stewart1973,
	address = {Legon},
	author = {Stewart, John Massie},
	booktitle = {Papers in Ghanaian linguistics (Transactions of the Linguistic Circle of Accra, {II}).},
	editor = {Kropp Dakubu, M. E.},
	pages = {1--2},
	publisher = {Institute of African Studies, University of Ghana},
	title = {The lenis stops of the Potou Lagoon languages and their significance for pre-{Bantu} reconstruction},
	year = {1973}
}





